@ONLINE{Altmetrics,
  author={J. Priem, D. Taraborelli, P. Groth and C. Neylon},
  title={Altmetrics: A manifesto},
  year = {2010},
  url = {http://altmetrics.org/manifesto}
}



@book{CarnegieStage,
  title={Developmental stages in human embryos: including a revision of Streeter's" horizons" and a survey of the Carnegie Collection},
  author={O'Rahilly, Ronan and M{\"u}ller, Fabiola},
  year={1987},
  publisher={Carnegie Institution of Washington Washington, DC}
}

@article{FomelReproducibleResearch,
  title={Reproducible research},
  author={Fomel, Sergey and Claerbout, Jon F.},
  journal={Computing in Science \& Engineering},
  volume={11},
  number={1},
  pages={5--7},
  year={2009}
}

@incollection{grenon2004biodynamic,
 author = "P. Grenon and B. Smith and L. Goldberg",
 title = "Biodynamic ontology: {Applying} {BFO} in the biomedical domain",
 booktitle = "Ontologies in Medicine",
 editor = "D. M. Pisanelli",
 volume = "102",
 pages = "20--38",
 year = 2004
}

@article{HamburgerHamiltonStage,
  title={A series of normal stages in the development of the chick embryo},
  author={Hamburger, Viktor and Hamilton, Howard L},
  journal={Journal of morphology},
  volume={88},
  number={1},
  pages={49--92},
  year={1951}
}

@article{HisaokaBattleStage,
  title={The normal developmental stages of the zebrafish, brachydanio rerio (hamilton-buchanan)},
  author={Hisaoka, K Kenneth and Battle, Helen I},
  journal={Journal of Morphology},
  volume={102},
  number={2},
  pages={311--327},
  year={1958},
  publisher={Wiley Online Library}
}

@article{KimmelStage,
  title={Stages of embryonic development of the zebrafish},
  author={Kimmel, Charles B and Ballard, William W and Kimmel, Seth R and Ullmann, Bonnie and Schilling, Thomas F},
  journal={Developmental dynamics},
  volume={203},
  number={3},
  pages={253--310},
  year={1995},
  publisher={Wiley Online Library}
}

@inproceedings{mascardi2007comparison,
  title={A Comparison of Upper Ontologies.},
  author={Mascardi, Viviana and Cord{\`\i}, Valentina and Rosso, Paolo},
  booktitle={WOA},
  pages={55--64},
  year={2007}
}

@book{TheilerStage,
  title={The house mouse: atlas of embryonic development},
  author={Theiler, Karl},
  year={1989},
  publisher={Springer-Verlag New York}
}

@article{YntemaStage,
  title={A series of stages in the embryonic development of Chelydra serpentina},
  author={Yntema, CL},
  journal={Journal of Morphology},
  volume={125},
  number={2},
  pages={219--251},
  year={1968},
  publisher={Wiley Online Library}
}

